@inproceedings{ReLooper,
  author    = {Danny Dig and
               Mihai Tarce and
               Cosmin Radoi and
               Marius Minea and
               Ralph E. Johnson},
  title     = {Relooper: refactoring for loop parallelism in Java},
  booktitle = {OOPSLA Companion},
  year      = {2009},
  pages     = {793-794},
  ee        = {http://doi.acm.org/10.1145/1639950.1640018},
  crossref  = {DBLP:conf/oopsla/2009c},
  bibsource = {DBLP, http://dblp.uni-trier.de}
}


@proceedings{DBLP:conf/oopsla/2009c,
  editor    = {Shail Arora and
               Gary T. Leavens},
  title     = {Companion to the 24th Annual ACM SIGPLAN Conference on Object-Oriented
               Programming, Systems, Languages, and Applications, OOPSLA
               2009, October 25-29, 2009, Orlando, Florida, USA},
  booktitle = {OOPSLA Companion},
  publisher = {ACM},
  year      = {2009},
  isbn      = {978-1-60558-768-4},
  bibsource = {DBLP, http://dblp.uni-trier.de}
}

@inproceedings{Immutator,
  author    = {Fredrik Kjolstad and
               Danny Dig and
               Gabriel Acevedo and
               Marc Snir},
  title     = {Transformation for class immutability},
  booktitle = {ICSE},
  year      = {2011},
  pages     = {61-70},
  ee        = {http://doi.acm.org/10.1145/1985793.1985803},
  crossref  = {DBLP:conf/icse/2011},
  bibsource = {DBLP, http://dblp.uni-trier.de}
}

@proceedings{DBLP:conf/icse/2011,
  editor    = {Richard N. Taylor and
               Harald Gall and
               Nenad Medvidovic},
  title     = {Proceedings of the 33rd International Conference on Software
               Engineering, ICSE 2011, Waikiki, Honolulu , HI, USA, May
               21-28, 2011},
  booktitle = {ICSE},
  publisher = {ACM},
  year      = {2011},
  isbn      = {978-1-4503-0445-0},
  bibsource = {DBLP, http://dblp.uni-trier.de}
}

@inproceedings{Ref-SchaferSDT11,
  author    = {Max Schafer and
               Manu Sridharan and
               Julian Dolby and
               Frank Tip},
  title     = {Refactoring Java programs for flexible locking},
  booktitle = {ICSE},
  year      = {2011},
  pages     = {71-80},
  ee        = {http://doi.acm.org/10.1145/1985793.1985804},
  crossref  = {DBLP:conf/icse/20112},
  bibsource = {DBLP, http://dblp.uni-trier.de}
}

@proceedings{DBLP:conf/icse/20112,
  editor    = {Richard N. Taylor and
               Harald Gall and
               Nenad Medvidovic},
  title     = {Proceedings of the 33rd International Conference on Software
               Engineering, ICSE 2011, Waikiki, Honolulu , HI, USA, May
               21-28, 2011},
  booktitle = {ICSE},
  publisher = {ACM},
  year      = {2011},
  isbn      = {978-1-4503-0445-0},
  bibsource = {DBLP, http://dblp.uni-trier.de}
}

@inproceedings{Ref-conc-lib,
  author    = {Danny Dig and
               John Marrero and
               Michael D. Ernst},
  title     = {Refactoring sequential Java code for concurrency via concurrent
               libraries},
  booktitle = {ICSE},
  year      = {2009},
  pages     = {397-407},
  ee        = {http://dx.doi.org/10.1109/ICSE.2009.5070539},
  crossref  = {DBLP:conf/icse/2009},
  bibsource = {DBLP, http://dblp.uni-trier.de}
}
@proceedings{DBLP:conf/icse/2009,
  title     = {31st International Conference on Software Engineering, ICSE
               2009, May 16-24, 2009, Vancouver, Canada, Proceedings},
  booktitle = {ICSE},
  publisher = {IEEE},
  year      = {2009},
  isbn      = {978-1-4244-3452-7},
  bibsource = {DBLP, http://dblp.uni-trier.de}
}

@inproceedings{Ref-NestedHeapRegions,
  author    = {Mohsen Vakilian and
               Danny Dig and
               Robert L. Bocchino Jr. and
               Jeffrey Overbey and
               Vikram S. Adve and
               Ralph E. Johnson},
  title     = {Inferring Method Effect Summaries for Nested Heap Regions},
  booktitle = {ASE},
  year      = {2009},
  pages     = {421-432},
  ee        = {http://doi.ieeecomputersociety.org/10.1109/ASE.2009.68},
  crossref  = {DBLP:conf/kbse/2009},
  bibsource = {DBLP, http://dblp.uni-trier.de}
}
@proceedings{DBLP:conf/kbse/2009,
  title     = {ASE 2009, 24th IEEE/ACM International Conference on Automated
               Software Engineering, Auckland, New Zealand, November 16-20,
               2009},
  booktitle = {ASE},
  publisher = {IEEE Computer Society},
  year      = {2009},
  isbn      = {978-0-7695-3891-4},
  bibsource = {DBLP, http://dblp.uni-trier.de}
}

@inproceedings{first-ref-mention,
  author    = {W F Opdyke and
               Ralph E. Johnson},
  title     = {Refactoring: An aid in designing application frameworks and evolving object-oriented systems},
  booktitle = {Symposium on Object-Oriented Programming Emphasizing Practical Applications},
  year      = {1990},
  pages     = {145 – 161},
}


@inproceedings{IFDS,
  author    = {Thomas W. Reps and
               Susan Horwitz and
               Shmuel Sagiv},
  title     = {Precise Interprocedural Dataflow Analysis via Graph Reachability},
  booktitle = {POPL},
  year      = {1995},
  pages     = {49-61},
  ee        = {http://doi.acm.org/10.1145/199448.199462},
  crossref  = {DBLP:conf/popl/1995},
  bibsource = {DBLP, http://dblp.uni-trier.de}
}
@proceedings{DBLP:conf/popl/1995,
  editor    = {Ron K. Cytron and
               Peter Lee},
  title     = {Conference Record of POPL'95: 22nd ACM SIGPLAN-SIGACT Symposium
               on Principles of Programming Languages, San Francisco, California,
               USA, January 23-25, 1995},
  booktitle = {POPL},
  publisher = {ACM Press},
  year      = {1995},
  isbn      = {0-89791-692-1},
  ee        = {http://dl.acm.org/citation.cfm?id=199448},
  bibsource = {DBLP, http://dblp.uni-trier.de}
}

@Misc{wala-site,
  title = 	 {WALA {T}.{J}. {W}atson libraries for analysis},
  howpublished = "\url{http://wala.sourceforge.net/wiki/index.php/Main_Page}"
}

@Misc{wala-IR,
  title = 	 {WALA, {U}serGuide:{IR}},
  howpublished = "\url{http://wala.sourceforge.net/wiki/index.php/UserGuide:IR}"
}

@Misc{wala-heapgraph,
  title = 	 {WALA, Heap Graph},
  howpublished = "\url{http://wala.sourceforge.net/wiki/index.php/UserGuide:PointerAnalysis}"
}

@Misc{Jmol-site,
  title = 	 {Jmol: an open-source {Java} viewer for chemical structures in {3D}},
  howpublished = "\url{http://jmol.sourceforge.net/}"
}

@Misc{AOI-site,
  title = 	 {Art of Illusion, a full featured {3D} modelling, rendering, and animation studio},
  howpublished = "\url{http://sourceforge.net/projects/aoi/}"
}

@Misc{VASSAL-site,
  title = 	 {Art of Illusion, a full featured {3D} modelling, rendering, and animation studio},
  howpublished = "\url{http://sourceforge.net/projects/vassalengine/}"
}

@Misc{YourKit-site,
  title = 	 {YourKit {Java} Profiler 11},
  howpublished = "\url{http://www.yourkit.com/java/profiler/}"
}

@Misc{eclipse-site,
  title = 	 {eclipse {IDE}},
  howpublished = "\url{http://http://www.eclipse.org/}"
}

@Misc{eclipse-refactoring,
  title = 	 {Unleashing the power of refactoring},
  howpublished = "\url{http://www.eclipse.org/articles/article.php?file=Article-Unleashing-the-Power-of-Refactoring/index.html}"
}

@Misc{TL-site,
  title = 	 {Thread{L}ocal},
  howpublished = "\url{http://docs.oracle.com/javase/6/docs/api/java/lang/ThreadLocal.html}"
}

@Misc{JSR166-site,
  title = 	 {JSR 166},
  howpublished = "\url{http://g.oswego.edu/dl/concurrency-interest/}"
}

@Misc{PA-site,
  title = 	 {Parallel{A}rray},
  howpublished = "\url{http://gee.cs.oswego.edu/dl/jsr166/dist/extra166ydocs/extra166y/ParallelArray.html}"
}

@Misc{wiki-ssa,
  title = 	 {Single static assingment form},
  howpublished = "\url{http://en.wikipedia.org/wiki/Static_single_assignment_form}"
}

@Misc{wiki-def-use,
  title = 	 {Use-define chain},
  howpublished = "\url{http://en.wikipedia.org/wiki/Use-define_chain}"
}

@book{JCP-book,
  author    = {Brian Goetz and
               Tim Peierls and
               Joshua Bloch and
               Joseph Bowbeer and
               David Holmes and
               Doug Lea},
  title     = {Java Concurrency in Practice},
  publisher = {Addison-Wesley},
  year      = {2006},
  isbn      = {978-0-321-34960-6},
  pages     = {I-XX, 1-403},
  bibsource = {DBLP, http://dblp.uni-trier.de}
}

@book{TAOC,
  author    = {Clay P. Breshears},
  title     = {The Art of Concurrency - A Thread Monkey's Guide to Writing
               Parallel Applications},
  publisher = {O'Reilly},
  year      = {2009},
  isbn      = {978-0-596-52153-0},
  pages     = {I-XIII, 1-285},
  ee        = {http://www.oreilly.de/catalog/9780596521530/index.html},
  bibsource = {DBLP, http://dblp.uni-trier.de}
}

@inproceedings{Fowler-Refactoring,
  author    = {Martin Fowler},
  title     = {Refactoring: Improving the Design of Existing Code},
  booktitle = {XP/Agile Universe},
  year      = {2002},
  pages     = {256},
  ee        = {http://dx.doi.org/10.1007/3-540-45672-4_31},
  crossref  = {DBLP:conf/xpu/2002},
  bibsource = {DBLP, http://dblp.uni-trier.de}
}
@proceedings{DBLP:conf/xpu/2002,
  editor    = {Don Wells and
               Laurie A. Williams},
  title     = {Extreme Programming and Agile Methods - XP/Agile Universe
               2002, Second XP Universe and First Agile Universe Conference
               Chicago, IL, USA, August 4-7, 2002, Proceedings},
  booktitle = {XP/Agile Universe},
  publisher = {Springer},
  series    = {Lecture Notes in Computer Science},
  volume    = {2418},
  year      = {2002},
  isbn      = {3-540-44024-0},
  bibsource = {DBLP, http://dblp.uni-trier.de}
}

@article{dominator-algo,
  author    = {Thomas Lengauer and
               Robert Endre Tarjan},
  title     = {A Fast Algorithm for Finding Dominators in a Flowgraph},
  journal   = {ACM Trans. Program. Lang. Syst.},
  volume    = {1},
  number    = {1},
  year      = {1979},
  pages     = {121-141},
  ee        = {http://doi.acm.org/10.1145/357062.357071},
  bibsource = {DBLP, http://dblp.uni-trier.de}
}

@inproceedings{Ref-Reentrancy,
  author    = {Jan Wloka and
               Manu Sridharan and
               Frank Tip},
  title     = {Refactoring for reentrancy},
  booktitle = {ESEC/SIGSOFT FSE},
  year      = {2009},
  pages     = {173-182},
  ee        = {http://doi.acm.org/10.1145/1595696.1595723},
  crossref  = {DBLP:conf/sigsoft/2009},
  bibsource = {DBLP, http://dblp.uni-trier.de}
}

@proceedings{DBLP:conf/sigsoft/2009,
  editor    = {Hans van Vliet and
               Val{\'e}rie Issarny},
  title     = {Proceedings of the 7th joint meeting of the European Software
               Engineering Conference and the ACM SIGSOFT International
               Symposium on Foundations of Software Engineering, 2009,
               Amsterdam, The Netherlands, August 24-28, 2009},
  booktitle = {ESEC/SIGSOFT FSE},
  publisher = {ACM},
  year      = {2009},
  isbn      = {978-1-60558-001-2},
  bibsource = {DBLP, http://dblp.uni-trier.de}
}

@techreport{Ref-UseDisuse,
   author = {Mohsen Vakilian and Nicholas Chen and Stas Negara and Balaji
	Ambresh Rajkumar and Brian P. Bailey and Ralph E. Johnson},
   institution = {University of Illinois at Urbana-Champaign},
   title = {{Use, Disuse, and Misuse of Automated Refactorings}},
   number = {http://hdl.handle.net/2142/27730},
   year = {2011}
}






