@inproceedings{ReLooper,
  author    = {Danny Dig and
               Mihai Tarce and
               Cosmin Radoi and
               Marius Minea and
               Ralph E. Johnson},
  title     = {Relooper: refactoring for loop parallelism in Java},
  booktitle = {OOPSLA Companion},
  year      = {2009},
  pages     = {793-794},
  ee        = {http://doi.acm.org/10.1145/1639950.1640018},
  crossref  = {DBLP:conf/oopsla/2009c},
  bibsource = {DBLP, http://dblp.uni-trier.de}
}
@proceedings{DBLP:conf/oopsla/2009c,
  editor    = {Shail Arora and
               Gary T. Leavens},
  title     = {Companion to the 24th Annual ACM SIGPLAN Conference on Object-Oriented
               Programming, Systems, Languages, and Applications, OOPSLA
               2009, October 25-29, 2009, Orlando, Florida, USA},
  booktitle = {OOPSLA Companion},
  publisher = {ACM},
  year      = {2009},
  isbn      = {978-1-60558-768-4},
  bibsource = {DBLP, http://dblp.uni-trier.de}
}

@inproceedings{IFDS,
  author    = {Thomas W. Reps and
               Susan Horwitz and
               Shmuel Sagiv},
  title     = {Precise Interprocedural Dataflow Analysis via Graph Reachability},
  booktitle = {POPL},
  year      = {1995},
  pages     = {49-61},
  ee        = {http://doi.acm.org/10.1145/199448.199462},
  crossref  = {DBLP:conf/popl/1995},
  bibsource = {DBLP, http://dblp.uni-trier.de}
}
@proceedings{DBLP:conf/popl/1995,
  editor    = {Ron K. Cytron and
               Peter Lee},
  title     = {Conference Record of POPL'95: 22nd ACM SIGPLAN-SIGACT Symposium
               on Principles of Programming Languages, San Francisco, California,
               USA, January 23-25, 1995},
  booktitle = {POPL},
  publisher = {ACM Press},
  year      = {1995},
  isbn      = {0-89791-692-1},
  ee        = {http://dl.acm.org/citation.cfm?id=199448},
  bibsource = {DBLP, http://dblp.uni-trier.de}
}

@Misc{wala-site,
  title = 	 {WALA {T}.{J}. {W}atson libraries for analysis},
  howpublished = "\url{http://wala.sourceforge.net/wiki/index.php/Main_Page}"
}

@Misc{Jmol-site,
  title = 	 {Jmol: an open-source {Java} viewer for chemical structures in {3D}},
  howpublished = "\url{http://jmol.sourceforge.net/}"
}

@Misc{YourKit,
  title = 	 {YourKit {Java} Profiler 11},
  howpublished = "\url{http://www.yourkit.com/java/profiler/}"
}


@book{JCP-book,
  author    = {Brian Goetz and
               Tim Peierls and
               Joshua Bloch and
               Joseph Bowbeer and
               David Holmes and
               Doug Lea},
  title     = {Java Concurrency in Practice},
  publisher = {Addison-Wesley},
  year      = {2006},
  isbn      = {978-0-321-34960-6},
  pages     = {I-XX, 1-403},
  bibsource = {DBLP, http://dblp.uni-trier.de}
}






